@misc{rfc6749,
	series =	{Request for Comments},
	number =	6749,
	howpublished =	{RFC 6749},
	publisher =	{RFC Editor},
	doi =		{10.17487/RFC6749},
	url =		{https://rfc-editor.org/rfc/rfc6749.txt},
        author =	{Dick Hardt},
	title =		{{The OAuth 2.0 Authorization Framework}},
	pagetotal =	76,
	year =		2012,
	month =		oct,
	abstract =	{The OAuth 2.0 authorization framework enables a third-party application to obtain limited access to an HTTP service, either on behalf of a resource owner by orchestrating an approval interaction between the resource owner and the HTTP service, or by allowing the third-party application to obtain access on its own behalf. This specification replaces and obsoletes the OAuth 1.0 protocol described in RFC 5849. {[}STANDARDS-TRACK{]}},
}

@misc{rfc7636,
	series =	{Request for Comments},
	number =	7636,
	howpublished =	{RFC 7636},
	publisher =	{RFC Editor},
	doi =		{10.17487/RFC7636},
	url =		{https://rfc-editor.org/rfc/rfc7636.txt},
        author =	{Nat Sakimura and John Bradley and Naveen Agarwal},
	title =		{{Proof Key for Code Exchange by OAuth Public Clients}},
	pagetotal =	20,
	year =		2015,
	month =		sep,
	abstract =	{OAuth 2.0 public clients utilizing the Authorization Code Grant are susceptible to the authorization code interception attack. This specification describes the attack as well as a technique to mitigate against the threat through the use of Proof Key for Code Exchange (PKCE, pronounced "pixy").},
}